<?xml version="1.0" encoding="UTF-8"?><collection xmlns="http://www.loc.gov/MARC21/slim"><record><leader>00658nam--2200205-u-4500</leader><controlfield tag="001">000051576</controlfield><controlfield tag="002">20161230</controlfield><controlfield tag="005">20161230201049</controlfield><controlfield tag="008">080807s1000------------r-----000-0-eng-d</controlfield><datafield ind1=" " ind2=" " tag="020"><subfield code="a">9780198505723</subfield></datafield><datafield ind1=" " ind2=" " tag="040"><subfield code="a">IFIN-HH</subfield></datafield><datafield ind1=" " ind2=" " tag="080"><subfield code="a">539.142.2:539.171:519.21</subfield></datafield><datafield ind1="1" ind2=" " tag="100"><subfield code="a">Dissertori, Gunther</subfield></datafield><datafield ind1="1" ind2="0" tag="245"><subfield code="a">Qunatum Chromodynamics</subfield><subfield code="b">High Energy Experiments and Theory</subfield><subfield code="c">Gunther Dissertori; Ian G. Knowles; Michael Schmelling</subfield></datafield><datafield ind1=" " ind2=" " tag="260"><subfield code="a">Oxford</subfield><subfield code="b">Calderon Press</subfield><subfield code="c">2003</subfield></datafield><datafield ind1=" " ind2=" " tag="300"><subfield code="a">541 p</subfield></datafield><datafield ind1=" " ind2=" " tag="490"><subfield code="a">The International Series of Monographs on Physics</subfield><subfield code="v">Vol. 112</subfield></datafield><datafield ind1="1" ind2=" " tag="700"><subfield code="a">Schmelling, Michael</subfield></datafield><datafield ind1=" " ind2=" " tag="852"><subfield code="a">82100</subfield><subfield code="c">539.12</subfield></datafield><datafield ind1=" " ind2=" " tag="CAT"><subfield code="a">Sys</subfield><subfield code="c">20110106</subfield><subfield code="h">160158</subfield></datafield></record></collection>